<?xml version="1.0" encoding="UTF-8"?><collection xmlns="http://www.loc.gov/MARC21/slim"><record><leader>00375nam--2200133-i-4500</leader><controlfield tag="001">000025773</controlfield><controlfield tag="002">20161230</controlfield><controlfield tag="005">20161230201036</controlfield><controlfield tag="008">060222s1000------------r-----000-0-eng-d</controlfield><datafield ind1=" " ind2=" " tag="080"><subfield code="a">530.12:531.18</subfield></datafield><datafield ind1=" " ind2=" " tag="100"><subfield code="a">Kacser, Claude</subfield></datafield><datafield ind1=" " ind2=" " tag="245"><subfield code="a">Introduction to the special theory of relativity</subfield></datafield><datafield ind1=" " ind2=" " tag="260"><subfield code="a">Englewood Cliffs, N.J., Prentice-hall, Inc., 1967, Vii + 229p</subfield></datafield><datafield ind1=" " ind2=" " tag="852"><subfield code="a">27588</subfield></datafield></record></collection>